@String{pub-AW = "Ad{\-d}i{\-s}on-Wes{\-l}ey"}
@String{pub-AW:adr = "Reading, MA, USA"}

@Article{knuth84,
  author =       "Donald E. Knuth",
  title =        "Literate Programming",
  journal =      "The Computer Journal",
  year =         "1984",
  number =       "2",
  volume =       "27",
  pages =        "97--111",
  month =        may,
}

@Book{knuth86a,
  author =       "Donald E. Knuth",
  title =        "The {\TeX}book",
  volume =       "A",
  publisher =    pub-AW,
  address =      pub-AW:adr,
  year =         "1986",
  ISBN =         "0-201-13447-0",
  ISBN-13 =      "978-0-201-13447-6",
  LCCN =         "Z253.4.T47 K58 1986",
  price =        "US\$32.95",
  series =       "Computers and Typesetting",
}

@Book{lamport94,
  author =       "Leslie Lamport",
  title =        "{\LaTeX}: a Document Preparation System: User's Guide
                 and Reference Manual",
  publisher =    pub-AW,
  address =      pub-AW:adr,
  edition =      "Second",
  year =         "1994",
  ISBN =         "0-201-52983-1",
  ISBN-13 =      "978-0-201-52983-8",
  LCCN =         "Z253.4.L38L35 1994",
  note =         "Reprinted with corrections in 1996.",
}

@Book{tlc2,
  author =       "Frank Mittelbach and Michel Goossens and Johannes
                 Braams and David Carlisle",
  title =        "The {\LaTeX} Companion",
  publisher =    pub-AW,
  address =      pub-AW:adr,
  edition =      "2",
  year =         "2004",
  ISBN =         "0-201-36299-6",
  ISBN-13 =      "978-0-201-36299-2",
  LCCN =         "Z253.4.L38 G66 2004",
  price =        "US\$59.99, CAN\$86.99",
  remark =       "Authors listed as: Frank Mittelbach and Michel
                 Goossens with Johannes Braams, David Carlisle, and
                 Chris Rowley, and with contributions by Christine Detig
                 and Joachim Schrod.",
}

@Book{刘海洋2013,
  title =        "{\LaTeX}入门",
  author =       "刘海洋",
  publisher =    "电子工业出版社",
  address =      "北京",
  year =         "2013",
  language =     "zh",
}
